<record><leader>03725cam a2200433 i 4500</leader><controlfield tag="001">6755024</controlfield><controlfield tag="003">OCoLC</controlfield><controlfield tag="005">20150116130642.0</controlfield><controlfield tag="008">141031s2015    ncu      b    001 0 eng  </controlfield><datafield ind1=" " ind2=" " tag="010"><subfield code="a">  2014041469</subfield></datafield><datafield ind1=" " ind2=" " tag="020"><subfield code="a">9780786475964</subfield><subfield code="q">softcover</subfield></datafield><datafield ind1=" " ind2=" " tag="020"><subfield code="a">078647596X</subfield><subfield code="q">softcover</subfield></datafield><datafield ind1=" " ind2=" " tag="020"><subfield code="z">9781476618401</subfield><subfield code="q">electronic bk.</subfield></datafield><datafield ind1=" " ind2=" " tag="035"><subfield code="a">ocn882191668</subfield></datafield><datafield ind1=" " ind2=" " tag="039"><subfield code="a">exclude</subfield></datafield><datafield ind1=" " ind2=" " tag="040"><subfield code="a">DLC</subfield><subfield code="e">rda</subfield><subfield code="b">eng</subfield><subfield code="c">DLC</subfield><subfield code="d">YDX</subfield><subfield code="d">BTCTA</subfield><subfield code="d">BDX</subfield><subfield code="d">YDXCP</subfield><subfield code="d">AEU</subfield></datafield><datafield ind1=" " ind2=" " tag="042"><subfield code="a">pcc</subfield></datafield><datafield ind1="0" ind2="0" tag="050"><subfield code="a">PN1995.9.C45</subfield><subfield code="b">C465 2015</subfield></datafield><datafield ind1="0" ind2="0" tag="082"><subfield code="a">791.43083</subfield><subfield code="2">23</subfield></datafield><datafield ind1=" " ind2=" " tag="090"><subfield code="a">PN 1995.9 C45 C465 2015</subfield><subfield code="b">ARDC</subfield></datafield><datafield ind1=" " ind2=" " tag="090"><subfield code="a">PN1995.9 .C45 C465 2015</subfield><subfield code="b">AEGMCT</subfield></datafield><datafield ind1="0" ind2="0" tag="245"><subfield code="a">Children's film in the digital age :</subfield><subfield code="b">essays on audience, adaptation and consumer culture /</subfield><subfield code="c">edited by Karin Beeler and Stan Beeler.</subfield></datafield><datafield ind1=" " ind2="1" tag="264"><subfield code="a">Jefferson, North Carolina :</subfield><subfield code="b">McFarland &amp; Company, Inc., Publishers,</subfield><subfield code="c">[2015]</subfield></datafield><datafield ind1=" " ind2=" " tag="300"><subfield code="a">viii, 202 pages ;</subfield><subfield code="c">24 cm</subfield></datafield><datafield ind1=" " ind2=" " tag="336"><subfield code="a">text</subfield><subfield code="b">txt</subfield><subfield code="2">rdacontent</subfield></datafield><datafield ind1=" " ind2=" " tag="337"><subfield code="a">unmediated</subfield><subfield code="b">n</subfield><subfield code="2">rdamedia</subfield></datafield><datafield ind1=" " ind2=" " tag="338"><subfield code="a">volume</subfield><subfield code="b">nc</subfield><subfield code="2">rdacarrier</subfield></datafield><datafield ind1=" " ind2=" " tag="504"><subfield code="a">Includes bibliographical references and index.</subfield></datafield><datafield ind1="0" ind2=" " tag="505"><subfield code="a">Introduction -- Childhood, Adults and Films for Dual Audiences. No Place like Home: Circumscribing Fantasy in Children's Film / Julian Cornell -- Songs for the Older Set: Music and Multiple Demographics in Shrek, Madagascar and Happy Feet / Stan Beeler -- The Fantastic Childhood Imagination Through an Adult Lens: A Todorovian Approach to Tim Burton's Alice in Wonderland / Heather Rolufs -- Asterix &amp; Obelix vs. Hollywood: A Pan-European Film Franchise for the "Family" Audience / Noel Brown -- Film Adaptation and Transmedia Forms. Re-Mixing The Chronicles of Narnia: The Reimagining of Lucy Pevensie Through Film Franchise Texts and Digital Fan Cultures / Naomi Hamer -- An Evolutionary Journey: Pokemon, Mythic Quests and the Culture of Challenge / Lincoln Geraghty -- Diary of a Wimpy Kid: Film Adaptation and Media Convergence for Children / Karin Beeler -- Nurturing Young Cinephiles: Martin Scorsese's Hugo / Dan North -- Cultural and Consumer Contexts for Children. Russian Animated Films and Nationalism of the New Millennium: The Phoenix Rising from the Ashes / Michel Bouchard and Tatiana Podyakova -- Cosmopolitan Endurance: Migrant Children and Film Spectatorship / Stephanie Hemelryk Donald -- Dubashi: Indian Film, Cross-Cultural Communication and Screenings for Children / Swarnavel Eswaran Pillai -- Branding Blackness: Disney's Commodification of Black Culture in Song of the South and The Princess and the Frog / Lydia E. Ferguson -- The Commodification of Ms. Penny Proud: Consumer Culture in Fat Albert and the Cosby Kids and Disney's The Proud Family / Debbie Olson.</subfield></datafield><datafield ind1=" " ind2=" " tag="520"><subfield code="a">"This collection of new essays explores how children's film can be re-examined alongside recent developments in their production. These analyses consider the effect of multimedia strategies on the child audience, and the opportunities for participation and their pedagogical implications. The essays also address how childhood is embedded within films and linked to various consumer contexts"--</subfield><subfield code="c">Provided by publisher.</subfield></datafield><datafield ind1=" " ind2=" " tag="596"><subfield code="a">29 35</subfield></datafield><datafield ind1=" " ind2="0" tag="650"><subfield code="a">Children's films</subfield><subfield code="x">History and criticism.</subfield></datafield><datafield ind1=" " ind2="0" tag="650"><subfield code="a">Film adaptations</subfield><subfield code="x">History and criticism.</subfield></datafield><datafield ind1=" " ind2="0" tag="650"><subfield code="a">Children in motion pictures.</subfield></datafield><datafield ind1="1" ind2=" " tag="700"><subfield code="a">Beeler, Karin E.</subfield><subfield code="q">(Karin Elizabeth),</subfield><subfield code="d">1963-</subfield><subfield code="e">editor.</subfield></datafield><datafield ind1="1" ind2=" " tag="700"><subfield code="a">Beeler, Stanley W.</subfield><subfield code="e">editor.</subfield></datafield><datafield ind1=" " ind2=" " tag="949"><subfield code="a">PN1995.9 .C45 C465 2015</subfield><subfield code="h">GMCT-OS-B</subfield><subfield code="i">1007436353</subfield><subfield code="p">52.88</subfield><subfield code="k">AVAIL_SOON</subfield></datafield><datafield ind1=" " ind2=" " tag="926"><subfield code="a">PN1995.9 .C45 C465 2015</subfield><subfield code="w">LC</subfield><subfield code="c">1</subfield><subfield code="i">1007436353</subfield><subfield code="d">3/17/2017</subfield><subfield code="e">3/14/2017</subfield><subfield code="l">ON_SHELF</subfield><subfield code="m">GR_MACEWAN</subfield><subfield code="n">1</subfield><subfield code="p">$52.88</subfield><subfield code="r">Y</subfield><subfield code="s">Y</subfield><subfield code="t">BOOK</subfield><subfield code="u">1/26/2015</subfield></datafield><datafield ind1=" " ind2=" " tag="926"><subfield code="a">PN 1995.9 C45 C465 2015</subfield><subfield code="w">LC</subfield><subfield code="c">1</subfield><subfield code="i">30125302471122</subfield><subfield code="l">FLOOR_2</subfield><subfield code="m">RED_DEER_C</subfield><subfield code="r">Y</subfield><subfield code="s">Y</subfield><subfield code="t">BOOK</subfield><subfield code="u">2/29/2016</subfield></datafield></record>